[gd_scene load_steps=6 format=2]

[ext_resource path="res://Battle/UI.tscn" type="PackedScene" id=1]
[ext_resource path="res://Battle/Player/PlayerDefense.tscn" type="PackedScene" id=2]
[ext_resource path="res://Utility/GestureManager.tscn" type="PackedScene" id=3]
[ext_resource path="res://Battle/Attacks/BulletSpawner.gd" type="Script" id=4]
[ext_resource path="res://Battle/PlayerStats.gd" type="Script" id=5]

[node name="Battle" type="Node2D"]

[node name="DefendingPlayer" parent="." instance=ExtResource( 2 )]
position = Vector2( 522, 308 )

[node name="BulletSpawner" type="Node2D" parent="."]
position = Vector2( 290, 302 )
script = ExtResource( 4 )

[node name="GestureManager" parent="." instance=ExtResource( 3 )]
position = Vector2( 379, 367 )

[node name="CanvasLayer" type="CanvasLayer" parent="."]

[node name="BattleHUD" parent="CanvasLayer" instance=ExtResource( 1 )]

[node name="PlayerStats" type="Node2D" parent="."]
script = ExtResource( 5 )

[connection signal="damage_taken" from="DefendingPlayer" to="PlayerStats" method="_on_DefendingPlayer_damage_taken"]
[connection signal="left_absorbed_bullet" from="DefendingPlayer" to="PlayerStats" method="_on_DefendingPlayer_left_absorbed_bullet"]
[connection signal="right_absorbed_bullet" from="DefendingPlayer" to="PlayerStats" method="_on_DefendingPlayer_right_absorbed_bullet"]
[connection signal="hp_changed" from="PlayerStats" to="CanvasLayer/BattleHUD" method="_on_PlayerStats_hp_changed"]
[connection signal="left_mp_changed" from="PlayerStats" to="CanvasLayer/BattleHUD" method="_on_PlayerStats_left_mp_changed"]
[connection signal="right_mp_changed" from="PlayerStats" to="CanvasLayer/BattleHUD" method="_on_PlayerStats_right_mp_changed"]
